 @misc{ itwiki:119558224,
   author = "Wikipedia",
   title = "Numero di Shannon --- Wikipedia{,} L'enciclopedia libera",
   year = "2021",
   url = "\url{//it.wikipedia.org/w/index.php?title=Numero_di_Shannon&oldid=119558224}"
   
 }
 
@book{colombo2003introduzione,
  title={Introduzione alla teoria dei giochi},
  author={Colombo, Ferdinando},
  year={2003},
  publisher={Carocci}
}


@book{russell2005intelligenza,
  title={Intelligenza artificiale. Un approccio moderno},
  author={Russell, Stuart J and Norvig, Peter},
  volume={1},
  year={2005},
  publisher={Pearson Italia Spa}
}


 @book{godena2021eterna,
  title={L'eterna sfida: Scacchi e intelligenza artificiale da Turing ad AlphaZero},
  author={Godena, Michele and Codenotti, Bruno},
  year={2021},
  publisher={HOEPLI EDITORE}
}

@article{kasparov2017reconstructing,
  title={Reconstructing Turing’s “paper machine”},
  author={Kasparov, Garry and Friedel, Frederic},
  journal={EasyChair Preprint},
  number={3},
  pages={20},
  year={2017}
}

@book{newborn2012kasparov,
  title={Kasparov versus Deep Blue: Computer chess comes of age},
  author={Newborn, Monty},
  year={2012},
  publisher={Springer Science \& Business Media}
}

@article{silver2018general,
  title={A general reinforcement learning algorithm that masters chess, shogi, and Go through self-play},
  author={Silver, David and Hubert, Thomas and Schrittwieser, Julian and Antonoglou, Ioannis and Lai, Matthew and Guez, Arthur and Lanctot, Marc and Sifre, Laurent and Kumaran, Dharshan and Graepel, Thore and others},
  journal={Science},
  volume={362},
  number={6419},
  pages={1140--1144},
  year={2018},
  publisher={American Association for the Advancement of Science}
}

@misc{ enwiki:1105171756,
    author = "{Wikipedia contributors}",
    title = "Stockfish (chess) --- {Wikipedia}{,} The Free Encyclopedia",
    year = "2022",
    howpublished = "\url{https://en.wikipedia.org/w/index.php?title=Stockfish_(chess)&oldid=1105171756}"
  }

@misc{lawsofchess,
  title={Fide Handbook},
  author={Fédération Internationale des Échecs},
  howpublished = "\url{https://handbook.fide.com/chapter/E012018}"
}


@inproceedings{clark2015training,
  title={Training deep convolutional neural networks to play go},
  author={Clark, Christopher and Storkey, Amos},
  booktitle={International conference on machine learning},
  pages={1766--1774},
  year={2015},
  organization={PMLR}
}

@article{robinson2021teaching,
  title={Teaching AI to Play Chess Like People},
  author={Robinson, Austin A},
  year={2021}
}

@article{reinefeld1983improvement,
  title={An Improvement to the Scout Tree Search Algorithm.},
  author={Reinefeld, Alexander},
  journal={J. Int. Comput. Games Assoc.},
  volume={6},
  number={4},
  pages={4--14},
  year={1983}
}

@misc{ itwiki:106074354,
   author = "Wikipedia",
   title = "Valore dei pezzi degli scacchi --- Wikipedia{,} L'enciclopedia libera",
   year = "2019",
   url = "http://it.wikipedia.org/w/index.php?title=Valore_dei_pezzi_degli_scacchi&oldid=106074354",
   note = "[Online; in data 6-settembre-2022]"
 }
 
 @article{sadler2019tcec15,
  title={The TCEC15 computer chess superfinal: A perspective.},
  author={Sadler, Matthew},
  journal={J. Int. Comput. Games Assoc.},
  volume={41},
  number={3},
  pages={164--167},
  year={2019}
}

@article{shannon1950xxii,
  title={XXII. Programming a computer for playing chess},
  author={Shannon, Claude E},
  journal={The London, Edinburgh, and Dublin Philosophical Magazine and Journal of Science},
  volume={41},
  number={314},
  pages={256--275},
  year={1950},
  publisher={Taylor \& Francis}
}

@article{schaeffer2007checkers,
  title={Checkers is solved},
  author={Schaeffer, Jonathan and Burch, Neil and Bjornsson, Yngvi and Kishimoto, Akihiro and Muller, Martin and Lake, Robert and Lu, Paul and Sutphen, Steve},
  journal={science},
  volume={317},
  number={5844},
  pages={1518--1522},
  year={2007},
  publisher={American Association for the Advancement of Science}
}